<?xml version="1.0" encoding="UTF-8"?><collection xmlns="http://www.loc.gov/MARC21/slim"><record><leader>00524nam--2200193-u-4500</leader><controlfield tag="001">000052786</controlfield><controlfield tag="002">20161230</controlfield><controlfield tag="005">20161230201050</controlfield><controlfield tag="008">101014s1000------------r-----000-0-rus-d</controlfield><datafield ind1=" " ind2=" " tag="040"><subfield code="a">IFIN-HH</subfield></datafield><datafield ind1=" " ind2=" " tag="041"><subfield code="a">rus</subfield></datafield><datafield ind1=" " ind2=" " tag="080"><subfield code="a">548:535</subfield></datafield><datafield ind1="1" ind2=" " tag="100"><subfield code="a">Melanholin, N.M</subfield></datafield><datafield ind1="1" ind2="0" tag="245"><subfield code="a">Metodi issledovania opticeskih svoistv kristallov</subfield><subfield code="c">N.M. Melanholin, S.B. Grum-Grjimailo</subfield></datafield><datafield ind1=" " ind2=" " tag="260"><subfield code="a">Moskva</subfield><subfield code="b">Akademii Nauk SSSR</subfield><subfield code="c">1954</subfield></datafield><datafield ind1=" " ind2=" " tag="300"><subfield code="a">191 p</subfield></datafield><datafield ind1="1" ind2=" " tag="700"><subfield code="a">Grum-Grjimailo, S.B</subfield></datafield><datafield ind1=" " ind2=" " tag="852"><subfield code="a">3553</subfield><subfield code="c">535</subfield></datafield><datafield ind1=" " ind2=" " tag="CAT"><subfield code="a">Sys</subfield><subfield code="c">20101014</subfield><subfield code="h">152445</subfield></datafield></record></collection>